<?xml version="1.0" encoding="UTF-8"?><record xmlns="http://www.loc.gov/MARC21/slim" xmlns:cinclude="http://apache.org/cocoon/include/1.0" xmlns:zs="http://www.loc.gov/zing/srw/">
  <leader>00694nz  a2200181n  4500</leader>
  <controlfield tag="001">no2014000873</controlfield>
  <controlfield tag="003">DLC</controlfield>
  <controlfield tag="005">20140104073617.0</controlfield>
  <controlfield tag="008">140103n| azannaabn          |n aaa     c</controlfield>
  <datafield tag="010" ind1=" " ind2=" ">
    <subfield code="a">no2014000873</subfield>
  </datafield>
  <datafield tag="035" ind1=" " ind2=" ">
    <subfield code="a">(OCoLC)oca09648799</subfield>
  </datafield>
  <datafield tag="040" ind1=" " ind2=" ">
    <subfield code="a">IOrQBI</subfield>
    <subfield code="b">eng</subfield>
    <subfield code="e">rda</subfield>
    <subfield code="c">IOrQBI</subfield>
  </datafield>
  <datafield tag="100" ind1="1" ind2=" ">
    <subfield code="a">Conrad, Jim</subfield>
    <subfield code="c">(Narrator)</subfield>
  </datafield>
  <datafield tag="370" ind1=" " ind2=" ">
    <subfield code="c">Canada</subfield>
    <subfield code="2">naf</subfield>
  </datafield>
  <datafield tag="372" ind1=" " ind2=" ">
    <subfield code="a">Voice-overs</subfield>
    <subfield code="2">lcsh</subfield>
  </datafield>
  <datafield tag="375" ind1=" " ind2=" ">
    <subfield code="a">male</subfield>
  </datafield>
  <datafield tag="670" ind1=" " ind2=" ">
    <subfield code="a">Revealing the leopard [VR], c2010:</subfield>
    <subfield code="b">credits (narrated by Jim Conrad)</subfield>
  </datafield>
  <datafield tag="670" ind1=" " ind2=" ">
    <subfield code="a">Jim Conrad website, viewed October 15, 2013</subfield>
    <subfield code="b">(Jim Conrad began his voice over career in 1972; Canada's elite voice over man; radio jock (dj) as well with CFOX Vancouver and CKDA Victoria</subfield>
    <subfield code="u">http://jimconrad.com/about/</subfield>
  </datafield>
</record>